
@inproceedings{riaz2014hidden,
	title={Hidden in plain sight: Automatically identifying security requirements from natural language artifacts},
	author={Riaz, Maria and King, Jason and Slankas, John and Williams, Laurie},
	booktitle={Proc. 22nd RE},
	pages={183--192},
	year={2014},
	organization={IEEE}
}

@article{uzunov2015comprehensive,
	title = {A comprehensive pattern-oriented approach to engineering security methodologies},
	volume = {57},
	issn = {0950-5849},
	url = {http://www.sciencedirect.com/science/article/pii/S0950584914002006},
	doi = {http://dx.doi.org/10.1016/j.infsof.2014.09.001},
	pages = {217 -- 247},
	journaltitle = {Information and Software Technology},
	author = {Uzunov, Anton V. and Falkner, Katrina and Fernandez, Eduardo B.},
	date = {2015},
	keywords = {Modeling}
}